@inproceedings{inproceedings,
    author  = {Hamari, Juho and Koivisto, Jonna and Sarsa, Harri},
    year    = {2014},
    month   = {01},
    title   = {Does Gamification Work? â€” A Literature Review of Empirical Studies on Gamification},
    journal = {Proceedings of the Annual Hawaii International Conference on System Sciences},
    doi     = {10.1109/HICSS.2014.377}
}

@online{CfES,
  author = {Centre for Exoplanet Science},
  title = {St Andrews Centre for Exoplanet Science},
  year = 2019,
  url = {https://www.st-andrews.ac.uk/exoplanets/},
  urldate = {2019-03-17}
}